{1:F01FAKEBANKXXXX0000000000}
{2:I940FAKEBANKXXXXN}
{4:
:20:TESTMT9400006
:25:NL13INGBNL2A7788382952
:28C:00006/001
:60F:C260501EUR15275,54
:61:2605020502D1434,13NTRF//PMT0747052741
:86:/NAME/Vertex Logistics BV/REMI/Software licentie/EREF/PMT0747052741/NOTE/SYNTHETIC TEST DATA ONLY
:61:2605020502C653,18NTRF//SEPA3243336432
:86:/NAME/Vertex Logistics BV/REMI/Consultancy/EREF/SEPA3243336432/NOTE/SYNTHETIC TEST DATA ONLY
:61:2605050505C2154,27NTRF//RF0830384803
:86:/NAME/Bright Commerce BV/REMI/Retourbetaling/EREF/RF0830384803/NOTE/SYNTHETIC TEST DATA ONLY
:61:2605060506C2919,40NTRF//SEPA4933036919
:86:/NAME/Harbor Services BV/REMI/Factuurbetaling/EREF/SEPA4933036919/NOTE/SYNTHETIC TEST DATA ONLY
:61:2605070507C3348,68NTRF//PMT1595152168
:86:/NAME/Nimbus Digital BV/REMI/Klantbetaling/EREF/PMT1595152168/NOTE/SYNTHETIC TEST DATA ONLY
:61:2605090509C3037,54NTRF//RF5833163335
:86:/NAME/Canal Systems BV/REMI/Retourbetaling/EREF/RF5833163335/NOTE/SYNTHETIC TEST DATA ONLY
:61:2605110511D4643,84NTRF//TRX6137969734
:86:/NAME/North Delta BV/REMI/Retourbetaling/EREF/TRX6137969734/NOTE/SYNTHETIC TEST DATA ONLY
:61:2605120512D4001,62NTRF//PMT5798443749
:86:/NAME/Polder Works BV/REMI/Abonnement/EREF/PMT5798443749/NOTE/SYNTHETIC TEST DATA ONLY
:61:2605130513D69,84NTRF//RF0703915372
:86:/NAME/Canal Systems BV/REMI/Consultancy/EREF/RF0703915372/NOTE/SYNTHETIC TEST DATA ONLY
:61:2605130513D4352,58NTRF//RF1207063226
:86:/NAME/North Delta BV/REMI/Factuurbetaling/EREF/RF1207063226/NOTE/SYNTHETIC TEST DATA ONLY
:61:2605150515D723,66NTRF//TRX6019333808
:86:/NAME/Tulip Media BV/REMI/BTW afdracht/EREF/TRX6019333808/NOTE/SYNTHETIC TEST DATA ONLY
:61:2605150515D4084,75NTRF//TRX7710070917
:86:/NAME/Atlas Retail BV/REMI/Hosting kosten/EREF/TRX7710070917/NOTE/SYNTHETIC TEST DATA ONLY
:61:2605170517D1072,41NTRF//RF2477882573
:86:/NAME/Vertex Logistics BV/REMI/Software licentie/EREF/RF2477882573/NOTE/SYNTHETIC TEST DATA ONLY
:61:2605170517D1987,49NTRF//SEPA9372188580
:86:/NAME/Orange Labs BV/REMI/Salaris verwerking/EREF/SEPA9372188580/NOTE/SYNTHETIC TEST DATA ONLY
:61:2605200520C2799,50NTRF//RF0553759453
:86:/NAME/Atlas Retail BV/REMI/Retourbetaling/EREF/RF0553759453/NOTE/SYNTHETIC TEST DATA ONLY
:61:2605230523D2798,52NTRF//INV6607979814
:86:/NAME/North Delta BV/REMI/Abonnement/EREF/INV6607979814/NOTE/SYNTHETIC TEST DATA ONLY
:61:2605240524C4669,04NTRF//INV9445063773
:86:/NAME/Orange Labs BV/REMI/Consultancy/EREF/INV9445063773/NOTE/SYNTHETIC TEST DATA ONLY
:61:2605240524D1352,98NTRF//PMT6626021306
:86:/NAME/Orange Labs BV/REMI/BTW afdracht/EREF/PMT6626021306/NOTE/SYNTHETIC TEST DATA ONLY
:61:2605260526D4085,84NTRF//PMT2332210877
:86:/NAME/Canal Systems BV/REMI/Klantbetaling/EREF/PMT2332210877/NOTE/SYNTHETIC TEST DATA ONLY
:61:2605270527C4633,61NTRF//RF0076454623
:86:/NAME/Nimbus Digital BV/REMI/Hosting kosten/EREF/RF0076454623/NOTE/SYNTHETIC TEST DATA ONLY
:61:2605270527C4055,75NTRF//TRX0135873933
:86:/NAME/Polder Works BV/REMI/Stripe payout/EREF/TRX0135873933/NOTE/SYNTHETIC TEST DATA ONLY
:62F:C260527EUR12938,85
:64:C260527EUR12938,85
:65:C260528EUR12938,85
:86:/INFO/SYNTHETIC MT940 TEST FILE FOR BANKBOEK QA
-}
