{1:F01FAKEBANKXXXX0000000000}
{2:I940FAKEBANKXXXXN}
{4:
:20:TESTMT9400010
:25:NL67INGBNL2A5012072571
:28C:00010/001
:60F:C261201EUR11183,81
:61:2612011201C1951,95NTRF//INV2248002443
:86:/NAME/Nimbus Digital BV/REMI/Stripe payout/EREF/INV2248002443/NOTE/SYNTHETIC TEST DATA ONLY
:61:2612011201C2455,91NTRF//RF1984062745
:86:/NAME/Vertex Logistics BV/REMI/Hosting kosten/EREF/RF1984062745/NOTE/SYNTHETIC TEST DATA ONLY
:61:2612031203D72,62NTRF//INV0263874939
:86:/NAME/Tulip Media BV/REMI/Advertentiekosten/EREF/INV0263874939/NOTE/SYNTHETIC TEST DATA ONLY
:61:2612071207D2150,59NTRF//PMT1260780430
:86:/NAME/Harbor Services BV/REMI/Klantbetaling/EREF/PMT1260780430/NOTE/SYNTHETIC TEST DATA ONLY
:61:2612071207D3638,62NTRF//RF4675302991
:86:/NAME/Polder Works BV/REMI/Mollie settlement/EREF/RF4675302991/NOTE/SYNTHETIC TEST DATA ONLY
:61:2612081208C1201,39NTRF//RF9989933343
:86:/NAME/Atlas Retail BV/REMI/Factuurbetaling/EREF/RF9989933343/NOTE/SYNTHETIC TEST DATA ONLY
:61:2612081208D317,95NTRF//TRX6882453912
:86:/NAME/Polder Works BV/REMI/Stripe payout/EREF/TRX6882453912/NOTE/SYNTHETIC TEST DATA ONLY
:61:2612091209C855,63NTRF//RF6257546648
:86:/NAME/Bright Commerce BV/REMI/Consultancy/EREF/RF6257546648/NOTE/SYNTHETIC TEST DATA ONLY
:61:2612101210C4437,14NTRF//SEPA3321238497
:86:/NAME/Vertex Logistics BV/REMI/Stripe payout/EREF/SEPA3321238497/NOTE/SYNTHETIC TEST DATA ONLY
:61:2612101210C900,00NTRF//SEPA6853279758
:86:/NAME/Polder Works BV/REMI/Hosting kosten/EREF/SEPA6853279758/NOTE/SYNTHETIC TEST DATA ONLY
:61:2612151215C3953,48NTRF//INV8066715261
:86:/NAME/Harbor Services BV/REMI/Advertentiekosten/EREF/INV8066715261/NOTE/SYNTHETIC TEST DATA ONLY
:61:2612171217C2816,05NTRF//TRX9883647784
:86:/NAME/North Delta BV/REMI/Stripe payout/EREF/TRX9883647784/NOTE/SYNTHETIC TEST DATA ONLY
:61:2612201220C2890,42NTRF//INV9071254327
:86:/NAME/Tulip Media BV/REMI/Klantbetaling/EREF/INV9071254327/NOTE/SYNTHETIC TEST DATA ONLY
:61:2612201220C3955,69NTRF//PMT8922943727
:86:/NAME/Atlas Retail BV/REMI/Klantbetaling/EREF/PMT8922943727/NOTE/SYNTHETIC TEST DATA ONLY
:61:2612231223D4497,36NTRF//INV0828600329
:86:/NAME/Harbor Services BV/REMI/Factuurbetaling/EREF/INV0828600329/NOTE/SYNTHETIC TEST DATA ONLY
:61:2612231223C4639,24NTRF//PMT8031822527
:86:/NAME/Nimbus Digital BV/REMI/Mollie settlement/EREF/PMT8031822527/NOTE/SYNTHETIC TEST DATA ONLY
:61:2612231223C248,23NTRF//RF8368127532
:86:/NAME/Tulip Media BV/REMI/Klantbetaling/EREF/RF8368127532/NOTE/SYNTHETIC TEST DATA ONLY
:61:2612261226C360,41NTRF//RF1083277578
:86:/NAME/Tulip Media BV/REMI/Retourbetaling/EREF/RF1083277578/NOTE/SYNTHETIC TEST DATA ONLY
:61:2612271227C554,29NTRF//TRX0365601064
:86:/NAME/Harbor Services BV/REMI/Software licentie/EREF/TRX0365601064/NOTE/SYNTHETIC TEST DATA ONLY
:61:2612271227D1281,84NTRF//TRX6757495618
:86:/NAME/Nimbus Digital BV/REMI/Advertentiekosten/EREF/TRX6757495618/NOTE/SYNTHETIC TEST DATA ONLY
:61:2612281228C839,38NTRF//INV8977451658
:86:/NAME/Vertex Logistics BV/REMI/Software licentie/EREF/INV8977451658/NOTE/SYNTHETIC TEST DATA ONLY
:61:2612281228D2252,08NTRF//SEPA6230783596
:86:/NAME/Atlas Retail BV/REMI/Stripe payout/EREF/SEPA6230783596/NOTE/SYNTHETIC TEST DATA ONLY
:62F:C261228EUR29031,96
:64:C261228EUR29031,96
:65:C261229EUR29031,96
:86:/INFO/SYNTHETIC MT940 TEST FILE FOR BANKBOEK QA
-}
