{1:F01FAKEBANKXXXX0000000000}
{2:I940FAKEBANKXXXXN}
{4:
:20:TESTMT9400009
:25:NL88INGBNL2A0609211853
:28C:00009/001
:60F:C260601EUR10216,67
:61:2606030603C38,09NTRF//PMT5430695603
:86:/NAME/Nimbus Digital BV/REMI/Abonnement/EREF/PMT5430695603/NOTE/SYNTHETIC TEST DATA ONLY
:61:2606090609D4464,58NTRF//RF2925459145
:86:/NAME/Orange Labs BV/REMI/Mollie settlement/EREF/RF2925459145/NOTE/SYNTHETIC TEST DATA ONLY
:61:2606110611C4204,95NTRF//RF7850891318
:86:/NAME/Vertex Logistics BV/REMI/Retourbetaling/EREF/RF7850891318/NOTE/SYNTHETIC TEST DATA ONLY
:61:2606150615C3411,45NTRF//PMT6139219492
:86:/NAME/Tulip Media BV/REMI/Retourbetaling/EREF/PMT6139219492/NOTE/SYNTHETIC TEST DATA ONLY
:61:2606160616D377,33NTRF//INV3665804973
:86:/NAME/Harbor Services BV/REMI/Consultancy/EREF/INV3665804973/NOTE/SYNTHETIC TEST DATA ONLY
:61:2606200620C849,25NTRF//PMT7082889374
:86:/NAME/Atlas Retail BV/REMI/Abonnement/EREF/PMT7082889374/NOTE/SYNTHETIC TEST DATA ONLY
:61:2606250625C1759,63NTRF//INV0160300949
:86:/NAME/Orange Labs BV/REMI/Mollie settlement/EREF/INV0160300949/NOTE/SYNTHETIC TEST DATA ONLY
:61:2606270627C1801,13NTRF//SEPA2790775945
:86:/NAME/Orange Labs BV/REMI/Retourbetaling/EREF/SEPA2790775945/NOTE/SYNTHETIC TEST DATA ONLY
:62F:C260627EUR17439,26
:64:C260627EUR17439,26
:65:C260628EUR17439,26
:86:/INFO/SYNTHETIC MT940 TEST FILE FOR BANKBOEK QA
-}
